@inbook {Mostafa-Mining,
	title = {Beyond Information Retrieval: Literature Mining for Biomedical Knowledge Discovery},
	booktitle = {Biological Data Mining},
	year = {2009},
	publisher = {Chapman and Hall/CRC Press},
	organization = {Chapman and Hall/CRC Press},
	author = {Javed Mostafa and Kazuhiro Seki and Ke, Weimao}
}
@article{Hsu,
author = {Hsu, Chun-Nan and Chang, Yu-Ming and Kuo, Cheng-Ju and Lin, Yu-Shi and Huang, Han-Shen and Chung, I-Fang},
title = {Integrating high dimensional bi-directional parsing models for gene mention tagging},
journal = {Bioinformatics},
volume = {24},
number = {13},
pages = {i286-i294},
year = {2008},
doi = {10.1093/bioinformatics/btn183},
URL = {http://dx.doi.org/10.1093/bioinformatics/btn183},
eprint = {/oup/backfile/content_public/journal/bioinformatics/24/13/10.1093/bioinformatics/btn183/2/btn183.pdf}
}
@article{Swanson:1997:ISF:251764.251766,
 author = {Swanson, Don R. and Smalheiser, Neil R.},
 title = {An Interactive System for Finding Complementary Literatures: A Stimulus to Scientific Discovery},
 journal = {Artif. Intell.},
 issue_date = {April 1997},
 volume = {91},
 number = {2},
 month = apr,
 year = {1997},
 issn = {0004-3702},
 pages = {183--203},
 numpages = {21},
 url = {http://dx.doi.org/10.1016/S0004-3702(97)00008-8},
 doi = {10.1016/S0004-3702(97)00008-8},
 acmid = {251766},
 publisher = {Elsevier Science Publishers Ltd.},
 address = {Essex, UK},
} 
